%%%%%%%%%%%%%%%%%%%%%%%%%%%%%%%%%%
%%%%%%%%%%% CHAPITRE 1 %%%%%%%%%%%
%%%%%%%%%%%%%%%%%%%%%%%%%%%%%%%%%%

@techreport{hollo2012ciss,
  author    = {Dániel Holló and Manfred Kremer and Marco Lo Duca},
  title     = {CISS - A Composite Indicator of Systemic Stress in the Financial System},
  institution = {European Central Bank},
  year      = {2012},
  type      = {ECB Working Paper},
  number    = {1426},
  month     = {March},
  note      = {URL: \url{https://www.ecb.europa.eu/pub/pdf/scpwps/ecbwp1426.pdf}}
}

@techreport{coenen2021macroeconomic,
  author    = {Günter Coenen and Carlos Montes-Galdón and Frank Smets},
  title     = {Macroeconomic Stabilisation and Monetary Policy Effectiveness in a Low-Interest-Rate Environment},
  institution = {European Central Bank},
  year      = {2021},
  type      = {ECB Working Paper},
  number    = {2572},
  month     = {July},
  note       ={URL: \url{https://www.ecb.europa.eu/pub/pdf/scpwps/ecb.wp2572~ede3ca1571.en.pdf}}
}

@article{issing2001,
  author = {Issing, Otmar},
  title = {The Monetary Policy of the Eurosystem},
  journal = {Finance and Development},
  volume={36},
  number={1},
  year = {1999},
  note ={URL: \url{https://www.imf.org/external/pubs/ft/fandd/1999/03/issing.htm}}
}

@book{blanchard1986,
  author = {Blanchard, Olivier and Summers, Lawrence},
  title = {Hysteresis and the European Unemployment Problem},
  year = {1986},
  publisher = {NBER Macroeconomics Annual},
  note ={URL: \url{http://www.nber.org/chapters/c4245}}
}

@article{smets2003,
  author = {Smets, Frank and Wouters, Rafael},
  title = {An estimated stochastic dynamic general equilibrium model of the euro area},
  journal = {Journal of the European Economic Association},
  volume = {1},
  number = {5},
  pages = {1123-1175},
  year = {2003},
  note = {DOI: \url{https://doi.org/10.1162/154247603770383415}}
}

@article{friedman1968,
  author = {Friedman, Milton},
  title = {The Role of Monetary Policy},
  journal = {American Economic Review},
  volume = {58},
  number = {1},
  pages = {1-17},
  year = {1968},
  note = {URL: \url{https://www.aeaweb.org/aer/top20/58.1.1-17.pdf}}
}

@book{gali2008,
  author = {Galí, Jordi},
  title = {Monetary Policy, Inflation, and the Business Cycle: An Introduction to the New Keynesian Framework},
  year = {2008},
  publisher = {Princeton University Press},
  note = {DOI: \url{https://doi.org/10.1007/s00712-008-0040-0}}
}

@techreport{angeloni2003,
    title = {The output composition puzzle: a difference in the monetary transmission mechanism in the euro area and U.S},
    author = {Angeloni, Ignazio and Kashyap, Anil and Mojon, Benoit and Terlizzese, Daniele},
    year = {2003},
    institution = {European Central Bank},
    type = {Working Paper Series},
    number = {268},
    note = {URL: \url{https://EconPapers.repec.org/RePEc:ecb:ecbwps:2003268}}
}

@article{bernanke2001,
  author = {Bernanke, Ben and Gertler, Mark},
  title = {Should Central Banks Respond to Movements in Asset Prices?},
  journal = {American Economic Review},
  volume = {91},
  number = {2},
  pages = {253--257},
  year = {2001},
  note = {URL: \url{https://www.aeaweb.org/articles?id=10.1257/aer.91.2.253}}
}

@book{reinhart2009,
  author = {Reinhart, Carmen and Rogoff, Kenneth},
  title = {This Time is Different: Eight Centuries of Financial Folly},
  year = {2009},
  publisher = {Princeton University Press},
  note = {URL: \url{http://www.reinhartandrogoff.com/}}
}

@article{coeuré2013,
  author = {Coeuré, Benoît},
  title = {Outright Monetary Transactions, One Year On},
  journal = {ECB Speech},
  year = {2013},
  note = {URL: \url{https://www.ecb.europa.eu/press/key/date/2013/html/sp130902.en.html}}
}

@techreport{degrauwe2012,
  author={De Grauwe, Paul},
  title={{Governance of a Fragile Eurozone}},
  year=2011,
  month=May,
  institution={Centre for European Policy Studies},
  type={CEPS Papers},
  number={5523},
  note = {URL: \url{https://ideas.repec.org/p/eps/cepswp/5523.html}}
}

@article{blanchard2015,
  author = {Blanchard, Olivier and Dell'Ariccia, Giovanni and Mauro, Paolo},
  title = {Rethinking macro policy II: Getting granular},
  journal = {IMF Staff Discussion Note},
  year = {2015},
  note = {DOI: \url{https://doi.org/10.7551/mitpress/10005.003.0001}}
}

@article{gürkaynak2015,
  author = {Gürkaynak, Refet S. and Wright, Jonathan H.},
  title = {Identification and Inference Using Event Studies},
  journal = {The Manchester School},
  volume = {83},
  number = {S3},
  pages = {48-65},
  year = {2015},
  note = {URL: \url{http://refet.bilkent.edu.tr/manchester_final.pdf}}
}

@article{woodford2012,
  author = {Woodford, Michael},
  title = {Methods of Policy Accommodation at the Interest-Rate Lower Bound},
  journal={Proceedings - Economic Policy Symposium - Jackson Hole},
  year = {2012},
  pages={185-288},
  note = {URL: \url{https://ideas.repec.org/a/fip/fedkpr/y2012p185-288.html}}
}

@article{altavilla2019,
    title = {Is there a zero lower bound? The effects of negative policy rates on banks and firms},
    journal = {Journal of Financial Economics},
    volume = {144},
    number = {3},
    pages = {885-907},
    year = {2022},
    issn = {0304-405X},
    note = {DOI: \url{https://doi.org/10.1016/j.jfineco.2021.06.032}},
    author = {Carlo Altavilla and Lorenzo Burlon and Mariassunta Giannetti and Sarah Holton}
}

@article{obstfeld2005,
  author = {Obstfeld, Maurice and Rogoff, Kenneth},
  title = {Global Current Account Imbalances and Exchange Rate Adjustments},
  journal = {Brookings Papers on Economic Activity},
  year = {2005},
  number = {1},
  pages = {124–146},
  note = {URL: \url{http://www.jstor.org/stable/3805084}}
}

@techreport{rey2015,
title = "Dilemma not Trilemma: The Global Financial Cycle and Monetary Policy Independence",
 author = "Rey, Hélène",
 institution = "National Bureau of Economic Research",
 type = "Working Paper",
 series = "Working Paper Series",
 number = "21162",
 year = "2015",
 month = "May",
 note = {URL: \url{http://www.nber.org/papers/w21162}}
}

@article{delnegro2015,
  author = {Del Negro, Marco and Giannoni, Marc P. and Patterson, Christina},
  title = {The Forward Guidance Puzzle},
  journal = {Journal of Political Economy Macroeconomics},
  volume = {1},
  number = {1},
  pages = {43-79},
  year = {2023},
  note = {URL: \url{https://doi.org/10.1086/724214}}
}

@incollection{adrian2010,
    title = {Financial Intermediaries and Monetary Economics},
    author = {Adrian, Tobias and Shin, Hyun Song},
    year = {2010},
    chapter = {12},
    pages = {601-650},
    booktitle = {Handbook of Monetary Economics},
    editor = {Friedman, Benjamin M. and Woodford, Michael},
    volume = {3},
    edition = {1},
    publisher = {Elsevier},
    note = {URL: \url{https://EconPapers.repec.org/RePEc:eee:monchp:3-12}}
}

@article{gilchrist2012,
  author = {Gilchrist, Simon and Zakrajsek, Egon},
  title = {Credit Spreads and Business Cycle Fluctuations},
  journal = {American Economic Review},
  volume = {102},
  number = {4},
  pages = {1692-1720},
  year = {2012},
  note = {URL: \url{https://www.aeaweb.org/articles?id=10.1257/aer.102.4.1692}}
}

@article{caldara2019,
  author = {Caldara, Dario and Herbst, Edward},
  title = {Monetary Policy, Real Activity, and Credit Spreads: Evidence from Bayesian Proxy SVARs},
  journal = {American Economic Journal: Macroeconomics},
  volume = {11},
  number = {1},
  pages = {157--192},
  year = {2019},
  note = {URL: \url{https://www.aeaweb.org/articles?id=10.1257/mac.20170294}}
}

@article{hansen2016,
  author = {Hansen, Stephen and McMahon, Michael},
  title = {Shocking Language: Understanding the Macroeconomic Effects of Central Bank Communication},
  journal = {Journal of International Economics},
  volume = {99},
  number={S1},
  pages = {114-133},
  year = {2016},
  note = {URL: \url{https://ideas.repec.org/a/eee/inecon/v99y2016is1ps114-s133.html}}
}

@article{nakamura2018,
  author = {Nakamura, Emi and Steinsson, Jón},
  title = {High-Frequency Identification of Monetary Non-Neutrality: The Information Effect},
  journal = {Quarterly Journal of Economics},
  volume = {133},
  number = {3},
  pages = {1283-1330},
  year = {2018},
  note = {URL: \url{https://doi.org/10.1093/qje/qjy004}}
}

@article{lane2023,
  author = {Lane, Philip R.},
  title = {The ECB’s monetary policy strategy statement},
  journal = {ECB Bulletin},
  year = {2023},
  note = {URL: \url{https://www.ecb.europa.eu/home/search/review/html/ecb.strategyreview_monpol_strategy_statement.en.html}}
}

@article{blanchard2019,
    author = {Blanchard, Olivier},
    title = {Public Debt and Low Interest Rates},
    journal = {American Economic Review},
    volume = {109},
    number = {4},
    year = {2019},
    month = {April},
    pages = {1197–1229},
    note = {URL: \url{https://www.aeaweb.org/articles?id=10.1257/aer.109.4.1197}}
}

@article{bernanke1995,
  author = {Bernanke, Ben S. and Gertler, Mark},
  title = {Inside the Black Box: The Credit Channel of Monetary Policy Transmission},
  journal = {Journal of Economic Perspectives},
  volume = {9},
  number = {4},
  pages = {27-48},
  year = {1995},
  note = {DOI: \url{https://doi.org/10.1257/jep.9.4.27}}
}


@techreport{mishkin1996,
 title = "The Channels of Monetary Transmission: Lessons for Monetary Policy",
 author = "Mishkin, Frederic S",
 institution = "National Bureau of Economic Research",
 type = "Working Paper",
 series = "Working Paper Series",
 number = "5464",
 year = "1996",
 month = "February",
 note = {URL: \url{http://www.nber.org/papers/w5464}}
}

@techreport{mishkin2001,
 title = "The Transmission Mechanism and the Role of Asset Prices in Monetary Policy",
 author = "Mishkin, Frederic S",
 institution = "National Bureau of Economic Research",
 type = "Working Paper",
 series = "Working Paper Series",
 number = "8617",
 year = "2001",
 month = "December",
 doi = {10.3386/w8617},
 note = {URL: \url{http://www.nber.org/papers/w8617}}
}

@article{gertler2015,
  author = {Gertler, Mark and Karadi, Peter},
  title = {Monetary Policy Surprises, Credit Costs, and Economic Activity},
  journal = {American Economic Journal: Macroeconomics},
  volume = {7},
  number = {1},
  pages = {44-76},
  year = {2015},
  note = {URL: \url{https://www.aeaweb.org/articles?id=10.1257/mac.20130329}}
}

@techreport{boivin2010,
 title = "How Has the Monetary Transmission Mechanism Evolved Over Time?",
 author = "Boivin, Jean and Kiley, Michael T and Mishkin, Frederic S",
 institution = "National Bureau of Economic Research",
 type = "Working Paper",
 series = "Working Paper Series",
 number = "15879",
 year = "2010",
 month = "April",
 note = {URL: \url{http://www.nber.org/papers/w15879}
}

@article{clarida2000,
  author = {Clarida, Richard and Galí, Jordi and Gertler, Mark},
  title = {Monetary Policy Rules and Macroeconomic Stability: Evidence and Some Theory},
  journal = {Quarterly Journal of Economics},
  volume = {115},
  number = {1},
  pages = {147-180},
  year = {2000},
  note = {URL: \url{http://www.jstor.org/stable/2586937}}
}

@article{kashyap2000,
  author = {Kashyap, Anil K. and Stein, Jeremy C.},
  title = {What Do a Million Observations on Banks Say about the Transmission of Monetary Policy?},
  journal = {American Economic Review},
  volume = {90},
  number = {3},
  pages = {407-428},
  year = {2000},
  note = {DOI: \url{https://doi.org/10.1257/aer.90.3.407}}
}

@article{ivashina2010,
  author = {Ivashina, Victoria and Scharfstein, David S.},
  title = {Bank Lending During the Financial Crisis of 2008},
  journal = {Journal of Financial Economics},
  volume = {97},
  number = {3},
  pages = {319-338},
  year = {2010},
  note = {DOI: \url{https://doi.org/10.1016/j.jfineco.2009.12.001}}
}

@article{brunnermeier2014,
  author = {Brunnermeier, Markus K. and Sannikov, Yuliy},
  title = {A Macroeconomic Model with a Financial Sector},
  journal = {American Economic Review},
  volume = {104},
  number = {2},
  pages = {379-421},
  year = {2014},
  note = {DOI: \url{https://doi.org/10.1257/aer.104.2.379}}
}

@article{adrian2014,
  author = {Adrian, Tobias and Shin, Hyun Song},
  title = {Procyclical Leverage and Value-at-Risk},
  journal = {Review of Financial Studies},
  volume = {27},
  number = {2},
  pages = {373-403},
  year = {2014},
  note = {DOI: \url{https://doi.org/10.1093/rfs/hht068}}
}

@article{brunnermeier2009,
  author = {Brunnermeier, Markus K. and Pedersen, Lasse Heje},
  title = {Market Liquidity and Funding Liquidity},
  journal = {Review of Financial Studies},
  volume = {22},
  number = {6},
  pages = {2201-2238},
  year = {2009},
  note = {DOI : \url{https://doi.org/10.1093/rfs/hhn098}}
}

@article{blinder2017,
  author = {Blinder, Alan S. and Ehrmann, Michael and de Haan, Jakob and Jansen, David-Jan},
  title = {Necessity as the Mother of Invention: Monetary Policy after the Crisis},
  journal = {Economic Policy},
  volume = {32},
  number = {91},
  pages = {357–359},
  year = {2017},
  note = {DOI: \url{https://doi.org/10.1093/epolic/eix011}}
}

@article{blinder2000,
  title={Central Banking in Theory and Practice: Lionel Robbins Lectures},
  author={Blinder, Alan S.},
  journal={Journal of Political Economy},
  year=1999,
  volume={107},
  number={2},
  pages={419-448},
  month={April},
  note = {DOI: \url{https://doi.org/10.1086/250067}}
}

@techreport{andrade2019,
  author={Shuo Cao and Richard K. Crump and Stefano Eusepi and Emanuel Moench},
  title={{Fundamental Disagreement about Monetary Policy and the Term Structure of Interest Rates}},
  year=2020,
  month=Jul,
  institution={Federal Reserve Bank of New York},
  type={Staff Reports},
  note = {URL: \url{https://ideas.repec.org/p/fip/fednsr/88406.html}},
  number={934},
}

@article{bernanke1988credit,
  title = {Credit, Money, and Aggregate Demand},
  author = {Bernanke, Ben S. and Blinder, Alan S.},
  journal = {The American Economic Review},
  volume = {78},
  number = {2},
  pages = {435--439},
  year = {1988},
  note = {URL : \url{http://www.jstor.org/stable/1818164}},
  publisher = {American Economic Association}
}

@article{lucas1976,
  title     = {Econometric Policy Evaluation: A Critique},
  author    = {Lucas, Robert E.},
  journal   = {Carnegie-Rochester Conference Series on Public Policy},
  volume    = {1},
  pages     = {19--46},
  year      = {1976},
  publisher = {North-Holland},
  note       = {URL : \url{https://doi.org/10.1016/S0167-2231(76)80003-6}}
}

@article{swanson2021,
  author = {Swanson, Eric T.},
  title = {Measuring the Effects of Federal Reserve Forward Guidance and Asset Purchases on Financial Markets},
  journal = {Journal of Monetary Economics},
  volume = {118},
  pages = {32-53},
  year = {2021},
  note = {DOI: \url{https://doi.org/10.1016/j.jmoneco.2020.09.003}}
}

@techreport{linta2024,
  author = {Linta, Tanja},
  institution = {Toulouse School of Economics},
  type = "Working Paper",
  series = "Working Paper Series",
  title = {Forward Guidance and Credibility},
  number = {1532},
  year = {2024},
  note = {URL: \url{https://www.tse-fr.eu/publications/forward-guidance-and-credibility}}
}

@article{campbell2012,
  author = {Campbell, Jeffrey R. and Evans, Charles L. and Fisher, Jonas D.M. and Justiniano, Alejandro},
  title = {Macroeconomic Effects of Federal Reserve Forward Guidance},
  journal = {Brookings Papers on Economic Activity},
  volume = {43},
  number = {1},
  pages = {1-80},
  year = {2012},
  note = {URL: \url{https://ideas.repec.org/a/bin/bpeajo/v43y2012i2012-01p1-80.html}}
}

@article{eggertsson2003,
  author = {Eggertsson, Gauti B. and Woodford, Michael},
  title = {The Zero Bound on Interest Rates and Optimal Monetary Policy},
  journal = {Brookings Papers on Economic Activity},
  volume = {34},
  number = {1},
  pages = {139-235},
  year = {2003},
  note = {URL: \url{https://ideas.repec.org/a/bin/bpeajo/v34y2003i2003-1p139-235.html}}
}

@techreport{kiley2018,
  author={Michael T. Kiley},
  title={{Monetary Policy, Employment Shortfalls, and the Natural Rate Hypothesis}},
  year=2024,
  month=May,
  institution={Board of Governors of the Federal Reserve System (U.S.)},
  type={Finance and Economics Discussion Series},
  note = {URL: \url{https://ideas.repec.org/p/fip/fedgfe/2024-32.html}},
  number={2024-032}
}

@article{hofmann2024ecb,
  author  = {de Haan, Jacob},
  title   = {No Way Back? ECB’s Forward Guidance and Policy Normalisation},
  journal = {Politics and Governance},
  year    = {2025},
  number   = {8953},
  volume  = {13},
  pages   = {103--456},
  note     = {DOI: \url{https://doi.org/10.17645/pag.8953}}
}

@article{fraser2024forward,
  author  = {Lawrence L. Schembri and Steven Globerman},
  title   = {Central Bank Forward Guidance: Handle with Care},
  journal = {Fraser Institute Research Paper},
  year    = {2024},
  note     = {URL: \url{https://www.fraserinstitute.org/sites/default/files/2024-09/central-bank-forward-guidance-handle-with-care.pdf}}
}

@techreport{carvalho2022exchange,
  author={Fabrice Dabiré},
  title={{Forward guidance and the exchange rate: A theoretical sign restricted VAR analysis}},
  year=2022,
  month=Dec,
  institution={Departement d'Ã©conomique de l'Ã‰cole de gestion Ã l'UniversitÃ© de Sherbrooke},
  type={Cahiers de recherche},
  number={22-03},
  note     = {URL: \url{https://ideas.repec.org/p/shr/wpaper/22-03.html}}
}

@misc{nakata2021global,
    title={The international forward guidance transmission under a global liquidity trap}, 
    author={Daisuke Ida and Hirokuni Iiboshi},
    year={2024},
    eprint={2103.12503},
    archivePrefix={arXiv},
    primaryClass={econ.GN},
    note     = {URL: \url{https://arxiv.org/abs/2103.12503}}
}

@techreport{debandt2000systemic,
  author={De Bandt, Olivier and Hartmann, Philipp},
  title={{Systemic risk: A survey}},
  year= 2000,
  month=Nov,
  institution={European Central Bank},
  type={Working Paper Series},
  note= {URL: \url{https://ideas.repec.org/p/ecb/ecbwps/200035.html}},
  number={35},
}

@incollection{debandt2009systemic,
  title     = {Systemic Risk in Banking: An Update},
  author    = {De Bandt, Olivier and Hartmann, Philipp and Peydró, José-Luis},
  booktitle = {The Oxford Handbook of Banking},
  editor    = {Berger, Allen N. and Molyneux, Philip and Wilson, John O.S.},
  pages     = {633--672},
  publisher = {Oxford University Press},
  year      = {2009},
  note       = {URL: \url{https://www.ecb.europa.eu/pub/pdf/scpwps/ecbwp1050.pdf}}
}

@article{Acharya2015,
  title     = {The “greatest” carry trade ever? Understanding eurozone bank risks},
  author    = {Viral V. Acharya and Sascha Steffen},
  journal   = {Journal of Financial Economics},
  volume    = {115},
  number    = {2},
  pages     = {215--236},
  year      = {2015},
  note       = {DOI: \url{https://doi.org/10.1016/j.jfineco.2014.11.004}}
}

@article{BorioZhu2012,
  title = {Capital Regulation, Risk-Taking and Monetary Policy: A Missing Link in the Transmission Mechanism?},
  author = {Borio, Claudio and Zhu, Haibin},
  journal = {Journal of Financial Stability},
  volume = {8},
  number = {4},
  pages = {236--251},
  year = {2012},
  note = {DOI: \url{https://doi.org/10.1016/j.jfs.2011.12.003}}
}

@article{FilardoHofmann2014,
  author={Andrew Filardo and Boris Hofmann},
  title={{Forward guidance at the zero lower bound}},
  journal={BIS Quarterly Review},
  year=2014,
  note = {URL: \url{https://ideas.repec.org/a/bis/bisqtr/1403f.html}}
}

@article{GalatiMoessner2018,
  title = {What Do We Know About the Effects of Macroprudential Policy?},
  author = {Galati, Gabriele and Moessner, Richhild},
  journal = {Economica},
  volume = {85},
  number = {340},
  pages = {735--770},
  year = {2018},
  note = {DOI: \url{https://doi.org/10.1111/ecca.12229}}
}

@article{Smets2014,
  title = {Financial Stability and Monetary Policy: How Closely Interlinked?},
  author = {Smets, Frank},
  journal = {International Journal of Central Banking},
  volume = {3},
  number = {2},
  pages = {121--160},
  year = {2014},
  note = {URL: \url{https://www.ijcb.org/journal/ijcb14q2a8.html}}
}

@article{farhi2016,
  title={A theory of macroprudential policies in the presence of nominal rigidities},
  author={Farhi, Emmanuel and Werning, Iván},
  journal={Econometrica},
  volume={84},
  number={5},
  pages={1645--1704},
  year={2016},
  publisher={Wiley Online Library},
  note = {URL: \url{https://www.jstor.org/stable/44155344}}
}

@techreport{claessens2013,
  author={Javier Mencía and Jesús Saurina},
  title={{Macroprudential policy: objectives, instruments and indicators}},
  year=2016,
  month=Jan,
  institution={Banco de España},
  type={Occasional Papers},
  note = {URL: \url{https://ideas.repec.org/p/bde/opaper/1601.html}},
  number={1601},
}

%%%%%%%%%%%%%%%%%%%%%%%%%%%%%%%%%%
%%%%%%%%%%% CHAPITRE 2 %%%%%%%%%%%
%%%%%%%%%%%%%%%%%%%%%%%%%%%%%%%%%%

@article{mcculloch1943logical,
  title={A logical calculus of the ideas immanent in nervous activity},
  author={McCulloch, Warren S and Pitts, Walter},
  journal={Bulletin of Mathematical Biophysics},
  volume={5},
  number={4},
  pages={115--133},
  year={1943},
  note = {DOI: \url{https://doi.org/10.1007/BF02478259}},
}

@article{rosenblatt1957perceptron,
  title={The Perceptron, a perceiving and recognizing automaton},
  author={Rosenblatt, Frank},
  journal={Report 85-460-1, Cornell Aeronautical Laboratory},
  year={1957},
  pulisher = {MIT Press},
  note = {DOI: \url{https://doi.org/10.7551/mitpress/11301.001.0001}}
}

@book{minsky1969perceptrons,
  title={Perceptrons: An Introduction to Computational Geometry},
  author={Minsky, Marvin and Papert, Seymour},
  year={1969},
  publisher={MIT Press},
  note = {DOI: \url{https://doi.org/10.1038/323533a0}}
}

@article{rumelhart1986learning,
  title={Learning representations by back-propagating errors},
  author={Rumelhart, David E and Hinton, Geoffrey E and Williams, Ronald J},
  journal={Nature},
  volume={323},
  pages={533--536},
  year={1986},
  note = {DOI: \url{https://doi.org/10.1038/323533a0}}
}

@article{lecun1998gradient,
  title={Gradient-based learning applied to document recognition},
  author={Le Cun, Yann and Bottou, Leon and Bengio, Yoshua and Haffner, Patrick},
  journal={Proceedings of the IEEE},
  volume={86},
  number={11},
  pages={2278--2324},
  year={1998},
  note = {DOI: \url{https://doi.org/10.1109/5.726791}}
}

@article{hochreiter1997long,
  title={Long Short-Term Memory},
  author={Hochreiter, Sepp and Schmidhuber, Jürgen},
  journal={Neural Computation},
  volume={9},
  number={8},
  pages={1735--1780},
  year={1997},
  note = {DOI : \url{https://doi.org/10.1162/neco.1997.9.8.1735}}
}

@article{vaswani2017attention,
  title={Attention Is All You Need},
  author={Vaswani, Ashish and Shazeer, Noam and Parmar, Niki and Uszkoreit, Jakob and Jones, Llion and Gomez, Aidan N and Kaiser, Lukasz and Polosukhin, Illia},
  journal={Advances in Neural Information Processing Systems (NeurIPS)},
  volume={30},
  year={2017},
  note = {URL: \url{https://arxiv.org/abs/1706.03762v1}}  
}

@article{linnainmaa1976taylor,
  title={Taylor expansion of the accumulated rounding error},
  author={Linnainmaa, Seppo},
  journal={BIT Numerical Mathematics},
  volume={16},
  number={2},
  pages={146--160},
  year={1976},
  publisher={Springer},
  note = {DOI: \url{https://doi.org/10.1007/BF01931367}}  
}

@article{cybenko1989approximation,
  title={Approximation by superpositions of a sigmoidal function},
  author={Cybenko, George},
  journal={Mathematics of Control, Signals and Systems},
  volume={2},
  number={4},
  pages={303--314},
  year={1989},
  publisher={Springer},
  note = {DOI: \url{https://doi.org/10.1007/BF02551274}}
}

@article{devlin2018bert,
  title={BERT: Pre-training of Deep Bidirectional Transformers for Language Understanding},
  author={Devlin, Jacob and Chang, Ming-Wei and Lee, Kenton and Toutanova, Kristina},
  journal={arXiv preprint},
  year={2018},
  note = {URL: \url{https://arxiv.org/abs/1810.04805v1}}
}

@article{radford2018gpt1,
  title={Improving Language Understanding by Generative Pre-Training},
  author={Radford, Alec and Narasimhan, Karthik and Salimans, Tim and Sutskever, Ilya},
  journal={OpenAI preprint},
  year={2018},
  note={URL: \url{https://cdn.openai.com/research-covers/language-unsupervised/language_understanding_paper.pdf}}
}

@article{radford2019gpt2,
  title={Language Models are Unsupervised Multitask Learners},
  author={Radford, Alec and Wu, Jeffrey and Child, Rewon and Luan, David and Amodei, Dario and Sutskever, Ilya},
  journal={OpenAI Blog},
  volume={1},
  number={8},
  year={2019},
  note={URL: \url{https://cdn.openai.com/better-language-models/language_models_are_unsupervised_multitask_learners.pdf}}
}

@misc{brown2020gpt3,
      title={Language Models are Few-Shot Learners}, 
      author={Tom B. Brown and Benjamin Mann and Nick Ryder and Melanie Subbiah and Jared Kaplan and Prafulla Dhariwal and Arvind Neelakantan and Pranav Shyam and Girish Sastry and Amanda Askell and Sandhini Agarwal and Ariel Herbert-Voss and Gretchen Krueger and Tom Henighan and Rewon Child and Aditya Ramesh and Daniel M. Ziegler and Jeffrey Wu and Clemens Winter and Christopher Hesse and Mark Chen and Eric Sigler and Mateusz Litwin and Scott Gray and Benjamin Chess and Jack Clark and Christopher Berner and Sam McCandlish and Alec Radford and Ilya Sutskever and Dario Amodei},
      year={2020},
      eprint={2005.14165},
      archivePrefix={arXiv},
      primaryClass={cs.CL},
      note = {URL: \url{https://arxiv.org/abs/2005.14165}}, 
}

@article{raffel2020t5,
  title={Exploring the limits of transfer learning with a unified text-to-text transformer},
  author={Raffel, Colin and Shazeer, Noam and Roberts, Adam and Lee, Katherine and Narang, Sharan and Matena, Michael and Zhou, Yanqi and Li, Wei and Liu, Peter J},
  journal={Journal of Machine Learning Research},
  volume={21},
  number={1},
  pages={5485--5551},
  year={2020},
  note = {URL: \url{https://arxiv.org/abs/1910.10683v3}}
}

@article{mikolov2013distributed,
  title={Distributed representations of words and phrases and their compositionality},
  author={Mikolov, Tomas and Sutskever, Ilya and Chen, Kai and Corrado, Greg S and Dean, Jeffrey},
  journal={Advances in neural information processing systems},
  volume={26},
  pages={3111--3119},
  year={2013},
  note = {URL: \url{https://arxiv.org/abs/1310.4546}}
}

@article{mikolov2013efficient,
  title={Efficient estimation of word representations in vector space},
  author={Mikolov, Tomas and Chen, Kai and Corrado, Greg and Dean, Jeffrey},
  journal={arXiv preprint},
  year={2013},
  note = {URL: \url{https://arxiv.org/abs/1301.3781}}
}

@inproceedings{pennington2014glove,
  title={Glove: Global vectors for word representation},
  author={Pennington, Jeffrey and Socher, Richard and Manning, Christopher},
  booktitle={Proceedings of the 2014 conference on empirical methods in natural language processing (EMNLP)},
  pages={1532--1543},
  year={2014},
  publisher={Association for Computational Linguistics},
  note = {URL: \url{https://aclanthology.org/D14-1162/}}
}

@article{bojanowski2017enriching,
  title={Enriching word vectors with subword information},
  author={Bojanowski, Piotr and Grave, Edouard and Joulin, Armand and Mikolov, Tomas},
  journal={Transactions of the Association for Computational Linguistics},
  publisher={MIT Press},
  volume={5},
  pages={135--146},
  year={2017},
  note = {URL: \url{https://arxiv.org/abs/1607.04606}}
}

@inproceedings{joulin2017bag,
  title={Bag of tricks for efficient text classification},
  author={Joulin, Armand and Grave, Edouard and Mikolov, Tomas and Jegou, Herve},
  booktitle={Proceedings of the 15th Conference of the European Chapter of the Association for Computational Linguistics: Volume 2, Short Papers},
  pages={427--431},
  year={2017},
  publisher={Association for Computational Linguistics},
  note = {URL: \url{https://arxiv.org/abs/1607.01759}}
}

@inproceedings{cho2014learning,
  title={Learning phrase representations using RNN encoder-decoder for statistical machine translation},
  author={Cho, Kyunghyun and Van Merri{"e}nboer, Bart and Gulcehre, Caglar and Bahdanau, Dzmitry and Bougares, Fethi and Schwenk, Holger and Bengio, Yoshua},
  booktitle={Proceedings of the 2014 Conference on Empirical Methods in Natural Language Processing (EMNLP)},
  pages={1724--1734},
  year={2014},
  publisher={Association for Computational Linguistics},
  note = {URL: \url{https://arxiv.org/abs/1406.1078}}
}

@article{taylor1953cloze,
  title={"Cloze Procedure": A New Tool for Measuring Readability},
  author={Taylor, Wilson L},
  journal={Journalism Quarterly},
  volume={30},
  number={4},
  pages={415--433},
  year={1953},
  publisher={SAGE Publications},
  note = {DOI: \url{https://doi.org/10.1177/107769905303000401}},
}

@article{hendrycks2016gaussian,
  title={Gaussian Error Linear Units (GELUs)},
  author={Hendrycks, Dan and Gimpel, Kevin},
  journal={arXiv preprint},
  year={2016},
  note = {URL: \url{https://arxiv.org/abs/1606.08415v1}},
}

@misc{peters2018deep,
     title={Deep contextualized word representations}, 
      author={Matthew E. Peters and Mark Neumann and Mohit Iyyer and Matt Gardner and Christopher Clark and Kenton Lee and Luke Zettlemoyer},
      year={2018},
      eprint={1802.05365},
      archivePrefix={arXiv},
      primaryClass={cs.CL},
      note = {URL: \url{https://arxiv.org/abs/1802.05365}}, 
}

@misc{warner2024modernbert,
      title={Smarter, Better, Faster, Longer: A Modern Bidirectional Encoder for Fast, Memory Efficient, and Long Context Finetuning and Inference}, 
      author={Benjamin Warner and Antoine Chaffin and Benjamin Clavié and Orion Weller and Oskar Hallström and Said Taghadouini and Alexis Gallagher and Raja Biswas and Faisal Ladhak and Tom Aarsen and Nathan Cooper and Griffin Adams and Jeremy Howard and Iacopo Poli},
      year={2024},
      eprint={2412.13663},
      archivePrefix={arXiv},
      primaryClass={cs.CL},
      note= {URL: \url{https://arxiv.org/abs/2412.13663}}, 
}

@article{su2021roformer,
  title={RoFormer: Enhanced Transformer with Rotary Position Embedding},
  author={Su, Jianlin and Lu, Yu and Pan, Shengfeng and Wen, Bo and Liu, Yunfeng},
  journal={arXiv preprint},
  year={2023},
  note = {URL: \url{https://arxiv.org/abs/2104.09864}}
}

@article{gu2023mamba,
  title={Mamba: Linear-Time Sequence Modeling with Selective State Spaces},
  author={Gu, Albert and Dao, Tri},
  journal={arXiv preprint arXiv:2312.00752},
  year={2023},
  note = {URL: \url{https://arxiv.org/abs/2312.00752}}
}

@article{funahashi1993approximation,
  title={Approximation of dynamical systems by continuous time recurrent neural networks},
  author={Funahashi, Kenji Doya and Nakamura, Yoshiaki},
  journal={Neural networks},
  volume={6},
  number={6},
  pages={801--806},
  year={1993},
  publisher={Elsevier},
  note = {DOI: \url{https://doi.org/10.1016/S0893-6080(05)80125-X}},
}

@article{tallec2018can,
      title={Can recurrent neural networks warp time?}, 
      author={Corentin Tallec and Yann Ollivier},
      year={2018},
      eprint={1804.11188},
      archivePrefix={arXiv},
      primaryClass={cs.LG},
      note ={URL: \url{https://arxiv.org/abs/1804.11188}},
}

@article{gu2021combining,
      title={Combining Recurrent, Convolutional, and Continuous-time Models with Linear State-Space Layers}, 
      author={Albert Gu and Isys Johnson and Karan Goel and Khaled Saab and Tri Dao and Atri Rudra and Christopher Ré},
      year={2021},
      eprint={2110.13985},
      archivePrefix={arXiv},
      primaryClass={cs.LG},
      note = {URL: \url{https://arxiv.org/abs/2110.13985}}, 
}

@article{dao2024mamba2,
  title     = {Mamba-2: Scaling Selective State Spaces with Structured State Space Duality},
  author    = {Tri Dao and Albert Gu and Shreyas Padhy and Beidi Chen and Ankit Gupta and Atri Rudra and Christopher Ré},
  journal   = {arXiv preprint arXiv:2402.19427},
  year      = {2024},
  url       = {https://arxiv.org/abs/2402.19427}
}

@misc{shoeybi2019megatron,
  author       = {Mohammad Shoeybi and Mostofa Patwary and Raul Puri and Patrick LeGresley and Jared Casper and Bryan Catanzaro},
  title        = {Megatron-LM: Training Multi-Billion Parameter Language Models Using Model Parallelism},
  year         = {2019},
  eprint       = {1909.08053},
  archivePrefix = {arXiv},
  primaryClass = {cs.LG},
  note        = {URL: \url{https://arxiv.org/abs/1909.08053}}
}

@misc{shleifer2021normformer,
  author       = {Sam Shleifer and Jason Weston and Myle Ott},
  title        = {NormFormer: Improved Transformer Pretraining with Extra Normalization},
  year         = {2021},
  eprint       = {2110.09456},
  archivePrefix = {arXiv},
  primaryClass = {cs.LG},
  note          = {URL: \url{https://arxiv.org/abs/2110.09456}}
}

@misc{qin2023transnormerllm,
    title={TransNormerLLM: A Faster and Better Large Language Model with Improved TransNormer}, 
      author={Zhen Qin and Dong Li and Weigao Sun and Weixuan Sun and Xuyang Shen and Xiaodong Han and Yunshen Wei and Baohong Lv and Xiao Luo and Yu Qiao and Yiran Zhong},
      year={2024},
      eprint={2307.14995},
      archivePrefix={arXiv},
      primaryClass={cs.CL},
      note ={URL: \url{https://arxiv.org/abs/2307.14995}}, 
}

@misc{sun2023retnet,
      title={Efficiently Modeling Long Sequences with Structured State Spaces}, 
      author={Albert Gu and Karan Goel and Christopher Ré},
      year={2022},
      eprint={2111.00396},
      archivePrefix={arXiv},
      primaryClass={cs.LG},
      note ={URL: \url{https://arxiv.org/abs/2111.00396}}, 
}

@article{chowdhery2023palm,
  author       = {Chowdhery, Aakanksha and Narang, Sharan and Devlin, Jacob and Bosma, Maarten and Mishra, Gaurav and Roberts, Adam and Barham, Paul and Chung, Hyung Won and others},
  title        = {PaLM: Scaling Language Modeling with Pathways},
  journal      = {arXiv preprint},
  year         = {2022},
  note          = {URL: \url{https://arxiv.org/abs/2204.02311}}
}

@article{touvron2023llama,
  author       = {Touvron, Hugo and Lavril, Thibaut and Izacard, Gautier and Martinet, Xavier and Lachaux, Marie-Anne and Lacroix, Timothée and Rozière, Baptiste and Goyal, Naman and Lample, Guillaume},
  title        = {LLaMA: Open and Efficient Foundation Language Models},
  journal      = {arXiv preprint},
  year         = {2023},
  note          = {URL: \url{https://arxiv.org/abs/2302.13971}}
}

%%%% J'EN SUIS LA %%%%%%%

@misc{shazeer2019multiquery,
      title={Fast Transformer Decoding: One Write-Head is All You Need}, 
      author={Noam Shazeer},
      year={2019},
      eprint={1911.02150},
      archivePrefix={arXiv},
      primaryClass={cs.NE},
      note ={URL: \url{https://arxiv.org/abs/1911.02150}}
}

@misc{korthikanti2023,
      title={Efficient Parallelization Layouts for Large-Scale Distributed Model Training}, 
      author={Johannes Hagemann and Samuel Weinbach and Konstantin Dobler and Maximilian Schall and Gerard de Melo},
      year={2024},
      eprint={2311.05610},
      archivePrefix={arXiv},
      primaryClass={cs.LG},
      note= {URL: \url{https://arxiv.org/abs/2311.05610}}
}


@misc{liu2024ring,
      title={Efficient Attention: Attention with Linear Complexities}, 
      author={Zhuoran Shen and Mingyuan Zhang and Haiyu Zhao and Shuai Yi and Hongsheng Li},
      year={2024},
      eprint={1812.01243},
      archivePrefix={arXiv},
      primaryClass={cs.CV},
      note={URL: \url{https://arxiv.org/abs/1812.01243}}
}

@misc{liu2023bandwidth,
      title={SparQ Attention: Bandwidth-Efficient LLM Inference}, 
      author={Luka Ribar and Ivan Chelombiev and Luke Hudlass-Galley and Charlie Blake and Carlo Luschi and Douglas Orr},
      year={2024},
      eprint={2312.04985},
      archivePrefix={arXiv},
      primaryClass={cs.LG},
      note ={URL: \url{https://arxiv.org/abs/2312.04985}}
}

@misc{brandon2023balanced,
      title={GQKVA: Efficient Pre-training of Transformers by Grouping Queries, Keys, and Values}, 
      author={Farnoosh Javadi and Walid Ahmed and Habib Hajimolahoseini and Foozhan Ataiefard and Mohammad Hassanpour and Saina Asani and Austin Wen and Omar Mohamed Awad and Kangling Liu and Yang Liu},
      year={2023},
      eprint={2311.03426},
      archivePrefix={arXiv},
      primaryClass={cs.LG},
      note ={URL: \url{https://arxiv.org/abs/2311.03426}}
}

@misc{bick2025llamba,
      title={Llamba: Scaling Distilled Recurrent Models for Efficient Language Processing}, 
      author={Aviv Bick and Tobias Katsch and Nimit Sohoni and Arjun Desai and Albert Gu},
      year={2025},
      eprint={2502.14458},
      journal={arXiv preprint},
      primaryClass={cs.LG},
      note = {URL: \url{https://arxiv.org/abs/2502.14458}}
}

@misc{mercat2024supra,
      title={Gated Slot Attention for Efficient Linear-Time Sequence Modeling}, 
      author={Yu Zhang and Songlin Yang and Ruijie Zhu and Yue Zhang and Leyang Cui and Yiqiao Wang and Bolun Wang and Freda Shi and Bailin Wang and Wei Bi and Peng Zhou and Guohong Fu},
      year={2024},
      eprint={2409.07146},
      archivePrefix={arXiv},
      primaryClass={cs.CL},
      note = {URL: \url{https://arxiv.org/abs/2409.07146}}
}


@article{zhang2024lolcats,
  author={Michael Zhang and Simran Arora and Rahul Chalamala and Alan Wu and Benjamin Spector and Aaryan Singhal and Krithik Ramesh and Christopher Ré},
  title     = {LoLCATs: On Low-Rank Linearizing of Large Language Models},
  journal   = {arXiv preprint},
  year      =       {2025},
  note       = {URL: \url{https://arxiv.org/abs/2410.10254}}
}

@article{wang2025ssd,
  title     = {The Mamba in the Llama: Distilling and Accelerating Hybrid Models},
  author    = {Wang, Junxiong and Paliotta, Daniele and May, Avner and Rush, Alexander M. and Dao, Tri},
  journal   = {arXiv preprint},
  year      = {2024},
  eprint    = {2408.15237},
  primaryClass = {cs.LG},
  note      = {URL: \url{https://arxiv.org/abs/2408.15237}}
}

@article{dao2024ssd,
  author    = {Dao, Tri and Gu, Albert},
  title     = {Transformers are SSMs: Generalized Models and Efficient Algorithms Through Structured State Space Duality},
  journal   = {arXiv preprint},
  year      = {2024},
  note       = {URL: \url{https://arxiv.org/abs/2405.21060}}
}

@article{bick2024transformers,
  title     = {Transformers to SSMs: Distilling Quadratic Knowledge to Subquadratic Models},
  author    = {Bick, Aviv and Li, Kevin Y. and Xing, Eric P. and Kolter, J. Zico and Gu, Albert},
  journal   = {arXiv preprint},
  year      = {2024},
  eprint    = {2408.10189},
  note       = {URL: \url{https://arxiv.org/abs/2408.10189}}
}

@book{d2l2020,
  title={Dive into Deep Learning},
  author={Zhang, Aston and Lipton, Zachary C. and Li, Mu and Smola, Alexander J.},
  year={2020},
  publisher={\url{https://d2l.ai}},
  note={Version en ligne consultée en 2025}
}

@inproceedings{gers1999learning,
  author={Gers, F.A. and Schmidhuber, J. and Cummins, F.},
  booktitle={1999 Ninth International Conference on Artificial Neural Networks ICANN 99. (Conf. Publ. No. 470)}, 
  title={Learning to forget: continual prediction with LSTM}, 
  year={1999},
  volume={2},
  number={},
  pages={850--855},
  keywords={},
  doi={10.1049/cp:19991218},
  note = {DOI : \url{https://doi.org/10.1049/cp:19991218}}
}


@misc{colah2015lstm,
  author = {Chris Olah},
  title = {Understanding LSTM Networks},
  year = {2015},
  howpublished = {URL : \url{https://colah.github.io/posts/2015-08-Understanding-LSTMs/}},
  note = {Consulté en avril 2025}
}

@article{greff2017lstm,
  title={LSTM: A Search Space Odyssey},
  author={Greff, Klaus and Srivastava, Rupesh K and Koutník, Jan and Steunebrink, Bas R and Schmidhuber, Jürgen},
  journal={IEEE Transactions on Neural Networks and Learning Systems},
  volume={28},
  number={10},
  pages={2222--2232},
  year={2017},
  publisher={IEEE},
  note = {URL : \url{https://arxiv.org/abs/1503.04069}}
}

@article{kingma2013auto,
  title={Auto-Encoding Variational Bayes},
  author={Kingma, Diederik P. and Welling, Max},
  journal={arXiv preprint (v1)},
  year={2013},
  note = {URL : \url{https://arxiv.org/abs/1312.6114v1}}
}

@inproceedings{rezende2014stochastic,
  title={Stochastic Backpropagation and Approximate Inference in Deep Generative Models},
  author={Rezende, Danilo Jimenez and Mohamed, Shakir and Wierstra, Daan},
  booktitle={Proceedings of the 31st International Conference on Machine Learning (ICML)},
  year={2014},
  pages={1278--1286},
  publisher={PMLR},
  note = {URL : \url{https://arxiv.org/abs/1401.4082}}
}

@article{lecun2015deep,
  title={Deep learning},
  author={Le Cun, Yann and Bengio, Yoshua and Hinton, Geoffrey},
  journal={Nature},
  volume={521},
  number={7553},
  pages={436--444},
  year={2015},
  publisher={Nature Publishing Group},
  note = {DOI : \url{https://doi.org/10.1038/nature14539}}
}

@article{schmidhuber2015deep,
  title={Deep learning in neural networks: An overview},
  author={Schmidhuber, J{\"u}rgen},
  journal={Neural networks},
  volume={61},
  pages={85--117},
  year={2015},
  publisher={Elsevier},
  note = {DOI : \url{http://dx.doi.org/10.1016/j.neunet.2014.09.003}}
}


@article{bottou2010large,
  title={Large-scale machine learning with stochastic gradient descent},
  author={Bottou, Léon},
  journal={Proceedings of COMPSTAT},
  pages={177--186},
  year={2010},
  publisher={Springer},
  note = {DOI : \url{https://doi.org/10.1007/978-3-7908-2604-3_16}}
}

@article{hornik1989multilayer,
  title={Multilayer feedforward networks are universal approximators},
  author={Hornik, Kurt and Stinchcombe, Maxwell and White, Halbert},
  journal={Neural networks},
  volume={2},
  number={5},
  pages={359--366},
  year={1989},
  publisher={Elsevier},
  note = {DOI : \url{https://doi.org/10.1016/0893-6080(89)90020-8}}
}

@article{srivastava2014dropout,
  title={Dropout: a simple way to prevent neural networks from overfitting},
  author={Srivastava, Nitish and Hinton, Geoffrey and Krizhevsky, Alex and Sutskever, Ilya and Salakhutdinov, Ruslan},
  journal={Journal of Machine Learning Research},
  volume={15},
  number={56},
  pages={1929--1958},
  year={2014},
  publisher={JMLR. org},
  note = {URL: \url{http://jmlr.org/papers/v15/srivastava14a.html}}
}

@inproceedings{ioffe2015batch,
  title={Batch normalization: Accelerating deep network training by reducing internal covariate shift},
  author={Ioffe, Sergey and Szegedy, Christian},
  booktitle={International conference on machine learning},
  pages={448--456},
  year={2015},
  organization={PMLR},
  note = {URL: \url{https://arxiv.org/abs/1502.03167}}
}

@article{prechelt1998early,
author = {Prechelt, Lutz},
year = {2000},
month = {03},
pages = {},
title = {Early Stopping - But When?},
isbn = {978-3-540-65311-0},
journal = {Lecture Notes in Computer Science},
note = {DOI: \url{https://doi.org/10.1007/3-540-49430-8_3}}
}

@misc{he2021deberta,
      title={DeBERTa: Decoding-enhanced BERT with Disentangled Attention}, 
      author={Pengcheng He and Xiaodong Liu and Jianfeng Gao and Weizhu Chen},
      year={2021},
      eprint={2006.03654},
      archivePrefix={arXiv},
      primaryClass={cs.CL},
      note ={URL: \url{https://arxiv.org/abs/2006.03654}}, 
}

@misc{liu2019roberta,
      title={RoBERTa: A Robustly Optimized BERT Pretraining Approach}, 
      author={Yinhan Liu and Myle Ott and Naman Goyal and Jingfei Du and Mandar Joshi and Danqi Chen and Omer Levy and Mike Lewis and Luke Zettlemoyer and Veselin Stoyanov},
      year={2019},
      eprint={1907.11692},
      archivePrefix={arXiv},
      primaryClass={cs.CL},
      note = {URL: \url{https://arxiv.org/abs/1907.11692}}, 
}

@misc{lewis2019bart,
      title={BART: Denoising Sequence-to-Sequence Pre-training for Natural Language Generation, Translation, and Comprehension}, 
      author={Mike Lewis and Yinhan Liu and Naman Goyal and Marjan Ghazvininejad and Abdelrahman Mohamed and Omer Levy and Ves Stoyanov and Luke Zettlemoyer},
      year={2019},
      eprint={1910.13461},
      archivePrefix={arXiv},
      primaryClass={cs.CL},
      note={URL: \url{https://arxiv.org/abs/1910.13461}}, 
}

@misc{poli2023hyena,
      title={Hyena Hierarchy: Towards Larger Convolutional Language Models}, 
      author={Michael Poli and Stefano Massaroli and Eric Nguyen and Daniel Y. Fu and Tri Dao and Stephen Baccus and Yoshua Bengio and Stefano Ermon and Christopher Ré},
      year={2023},
      eprint={2302.10866},
      archivePrefix={arXiv},
      primaryClass={cs.LG},
      note = {\url{https://arxiv.org/abs/2302.10866}}, 
}

@misc{gu2020hippo,
      title={HiPPO: Recurrent Memory with Optimal Polynomial Projections}, 
      author={Albert Gu and Tri Dao and Stefano Ermon and Atri Rudra and Christopher Re},
      year={2020},
      eprint={2008.07669},
      archivePrefix={arXiv},
      primaryClass={cs.LG},
      note = {\url{https://arxiv.org/abs/2008.07669}}, 
}

@misc{gu2022trainhippo,
      title={How to Train Your HiPPO: State Space Models with Generalized Orthogonal Basis Projections}, 
      author={Albert Gu and Isys Johnson and Aman Timalsina and Atri Rudra and Christopher Ré},
      year={2022},
      eprint={2206.12037},
      archivePrefix={arXiv},
      primaryClass={cs.LG},
      note = {\url{https://arxiv.org/abs/2206.12037}}, 
}

@misc{siahkoohi2024,
      title={Martian time-series unraveled: A multi-scale nested approach with factorial variational autoencoders}, 
      author={Ali Siahkoohi and Rudy Morel and Randall Balestriero and Erwan Allys and Grégory Sainton and Taichi Kawamura and Maarten V. de Hoop},
      year={2024},
      eprint={2305.16189},
      archivePrefix={arXiv},
      primaryClass={cs.LG},
      note={URL: \url{https://arxiv.org/abs/2305.16189}}, 
}

@inproceedings{
higgins2017betavae,
title={beta-{VAE}: Learning Basic Visual Concepts with a Constrained Variational Framework},
author={Irina Higgins and Loic Matthey and Arka Pal and Christopher Burgess and Xavier Glorot and Matthew Botvinick and Shakir Mohamed and Alexander Lerchner},
booktitle={International Conference on Learning Representations},
year={2017},
note = {URL: \url{https://openreview.net/forum?id=Sy2fzU9gl}}
}

@Article{Pham2022,
AUTHOR = {Pham, Tuan-Anh and Lee, Jong-Hoon and Park, Choong-Shik},
TITLE = {MST-VAE: Multi-Scale Temporal Variational Autoencoder for Anomaly Detection in Multivariate Time Series},
JOURNAL = {Applied Sciences},
VOLUME = {12},
YEAR = {2022},
NUMBER = {19},
ARTICLE-NUMBER = {10078},
note = {URL: \url{https://www.mdpi.com/2076-3417/12/19/10078}},
}

@misc{rama2023,
      title={Interpretable Spectral Variational AutoEncoder (ISVAE) for time series clustering}, 
      author={Óscar Jiménez Rama and Fernando Moreno-Pino and David Ramírez and Pablo M. Olmos},
      year={2023},
      eprint={2310.11940},
      archivePrefix={arXiv},
      primaryClass={stat.ML},
      note = {URL: \url{https://arxiv.org/abs/2310.11940}}, 
}

@misc{putra2024,
      title={Variational Mode Decomposition and Linear Embeddings are What You Need For Time-Series Forecasting}, 
      author={Hafizh Raihan Kurnia Putra and Novanto Yudistira and Tirana Noor Fatyanosa},
      year={2024},
      eprint={2408.16122},
      archivePrefix={arXiv},
      primaryClass={cs.LG},
      note = {URL : \url{https://arxiv.org/abs/2408.16122}}, 
}

@misc{fraccaro2016sequential,
      title={Sequential Neural Models with Stochastic Layers}, 
      author={Marco Fraccaro and Søren Kaae Sønderby and Ulrich Paquet and Ole Winther},
      year={2016},
      eprint={1605.07571},
      archivePrefix={arXiv},
      primaryClass={stat.ML},
      note = {URL: \url{https://arxiv.org/abs/1605.07571}}, 
}

@misc{chung2015recurrent,
      title={Gated Feedback Recurrent Neural Networks}, 
      author={Junyoung Chung and Caglar Gulcehre and Kyunghyun Cho and Yoshua Bengio},
      year={2015},
      eprint={1502.02367},
      archivePrefix={arXiv},
      primaryClass={cs.NE},
       note = {URL: \url{https://arxiv.org/abs/1502.02367}}, 
}

@inproceedings{tolstikhin2018wasserstein,
  title     = {Wasserstein Auto-Encoders},
  author    = {Tolstikhin, Ilya and Bousquet, Olivier and Gelly, Sylvain and Sch{\"o}lkopf, Bernhard},
  booktitle = {International Conference on Learning Representations (ICLR)},
  year      = {2018},
  url       = {https://arxiv.org/abs/1711.01558}
}

@inproceedings{makhzani2016adversarial,
  title     = {Adversarial Autoencoders},
  author    = {Makhzani, Alireza and Shlens, Jonathon and Jaitly, Navdeep and Goodfellow, Ian and Frey, Brendan},
  booktitle = {International Conference on Learning Representations (ICLR)},
  year      = {2016},
  url       = {https://arxiv.org/abs/1511.05644}
}

@misc{cuturi2013,
      title={Sinkhorn Distances: Lightspeed Computation of Optimal Transportation Distances}, 
      author={Marco Cuturi},
      year={2013},
      eprint={1306.0895},
      archivePrefix={arXiv},
      primaryClass={stat.ML},
      url={https://arxiv.org/abs/1306.0895}, 
}